@book{dimsbog,
  title={Discrete Mathematical Structures, sixth edition},
  author={Kolman and Busby and Ross},
  isbn={9780132078450},
  year={2009},
  publisher={Pearson}
}
@article{disnote,
  title={Noter til kombinatorik og grafteori},
  author={Forst, Gunnar},
  year={2006},
  publisher={Matematisk afdeling}
  volume={2}
  pages{131-142}
}
@misc{web1,
  author = {Cherowitzo, William},
  title = {Graph Theory Lecture Notes 6},
  howpublished = "\url{http://www-math.ucdenver.edu/~wcherowi/courses/m4408/gtln6.htm}",
  month = jan,
  year = {2015}
}
@misc{web2,
  author = {Wikipedia},
  title = {Chromatic Polynomial},
  howpublished = "\url{http://en.wikipedia.org/wiki/Chromatic_polynomial}",
  month = jan,
  year = {2015}
}